@article{flowcean,
Author = {Maximilian Schmidt and Swantje Plambeck and Markus Knitt and Hendrik Rose and Goerschwin Fey and Jan Christian Wieck and Stephan Balduin},
Title = {Flowcean â€” Model Learning for Cyber-Physical Systems},
Journal = {4th Italian Workshop on Artificial Intelligence and Applications for Business and Industries - AIABI},
Year = {2024},
type = {article}
}

@article{cpsdef,
  author       = {Kyoung{-}Dae Kim and
                  P. R. Kumar},
  title        = {Cyber-Physical Systems: {A} Perspective at the Centennial},
  journal      = {Proc. {IEEE}},
  volume       = {100},
  number       = {Centennial-Issue},
  pages        = {1287--1308},
  year         = {2012},
  doi          = {10.1109/JPROC.2012.2189792},
}

@inproceedings{cpsapp,
  author       = {Ragunathan Rajkumar and
                  Insup Lee and
                  Lui Sha and
                  John A. Stankovic},
  editor       = {Sachin S. Sapatnekar},
  title        = {Cyber-physical systems: the next computing revolution},
  booktitle    = {Proceedings of the 47th Design Automation Conference, {DAC} 2010,
                  Anaheim, California, USA, July 13-18, 2010},
  pages        = {731--736},
  publisher    = {{ACM}},
  year         = {2010},
  doi          = {10.1145/1837274.1837461},
}

@incollection{model,
  title={Model-based testing of cyber-physical systems},
  author={Aerts, Arend and Reniers, Michel and Mousavi, Mohammad Reza},
  booktitle={Cyber-physical systems},
  pages={287--304},
  year={2017},
  publisher={Elsevier}
}


@article{survey,
  author       = {Zahra Sadri{-}Moshkenani and
                  Justin M. Bradley and
                  Gregg Rothermel},
  title        = {Survey on test case generation, selection and prioritization for cyber-physical
                  systems},
  journal      = {Softw. Test. Verification Reliab.},
  volume       = {32},
  number       = {1},
  year         = {2022},
  doi          = {10.1002/STVR.1794},
}

@book{mlbook,
  title={The hundred-page machine learning book},
  author={Burkov, Andriy},
  volume={1},
  year={2019},
  publisher={Andriy Burkov Quebec City, QC, Canada},
}

@inproceedings{swantje,
  author       = {Swantje Plambeck and
                  G{\"{o}}rschwin Fey},
  editor       = {Maksim Jenihhin and
                  Hana Kub{\'{a}}tov{\'{a}} and
                  Nele Metens and
                  Jaan Raik and
                  Foisal Ahmed and
                  Jan Belohoubek},
  title        = {Data-Driven Test Generation for Black-Box Systems From Learned Decision
                  Tree Models},
  booktitle    = {26th International Symposium on Design and Diagnostics of Electronic
                  Circuits and Systems, {DDECS} 2023, Tallinn, Estonia, May 3-5, 2023},
  pages        = {27--32},
  publisher    = {{IEEE}},
  year         = {2023},
  doi          = {10.1109/DDECS57882.2023.10139633},
}


@article{components,
  title={Decision tree methods: applications for classification and prediction},
  author={Song, Yan-Yan and Lu, Ying},
  journal={Shanghai archives of psychiatry},
  year={2015},
  publisher={Shanghai Municipal Bureau of Publishing}
}

@inproceedings{hoeffding,
  author       = {Pedro M. Domingos and
                  Geoff Hulten},
  editor       = {Raghu Ramakrishnan and
                  Salvatore J. Stolfo and
                  Roberto J. Bayardo and
                  Ismail Parsa},
  title        = {Mining high-speed data streams},
  booktitle    = {Proceedings of the sixth {ACM} {SIGKDD} international conference on
                  Knowledge discovery and data mining, Boston, MA, USA, August 20-23,
                  2000},
  pages        = {71--80},
  publisher    = {{ACM}},
  year         = {2000},
  doi          = {10.1145/347090.347107},
}

@article{deshmukh,
  author       = {Jyotirmoy V. Deshmukh and
                  Marko Horvat and
                  Xiaoqing Jin and
                  Rupak Majumdar and
                  Vinayak S. Prabhu},
  title        = {Testing Cyber-Physical Systems through Bayesian Optimization},
  journal      = {{ACM} Trans. Embed. Comput. Syst.},
  volume       = {16},
  number       = {5s},
  pages        = {170:1--170:18},
  year         = {2017},
  doi          = {10.1145/3126521},
}

@inproceedings{menghi,
  author       = {Claudio Menghi and
                  Shiva Nejati and
                  Lionel C. Briand and
                  Yago Isasi Parache},
  editor       = {Gregg Rothermel and
                  Doo{-}Hwan Bae},
  title        = {Approximation-refinement testing of compute-intensive cyber-physical
                  models: an approach based on system identification},
  booktitle    = {{ICSE} '20: 42nd International Conference on Software Engineering,
                  Seoul, South Korea, 27 June - 19 July, 2020},
  pages        = {372--384},
  publisher    = {{ACM}},
  year         = {2020},
  doi          = {10.1145/3377811.3380370},
}

@INPROCEEDINGS{kosek,
  author={Kosek, Anna Magdalena and Gehrke, Oliver},
  booktitle={2016 IEEE Electrical Power and Energy Conference (EPEC)}, 
  title={Ensemble regression model-based anomaly detection for cyber-physical intrusion detection in smart grids}, 
  year={2016},
  volume={},
  number={},
  pages={1-7},
  doi={10.1109/EPEC.2016.7771704}}

@inproceedings{carter,
  title={Automated functional testing of Simulink control models},
  author={Carter, Jason M and Lin, Lan and Poore, Jesse H},
  booktitle={Proceedings of the 1st workshop on model-based testing in practice, Berlin, Germany},
  pages={41--50},
  year={2008},
  organization={Citeseer}
}

@inproceedings{araujo,
  author       = {Hugo Leonardo da Silva Araujo and
                  Gustavo Carvalho and
                  Mohammad Reza Mousavi and
                  Augusto Sampaio},
  editor       = {Peter Csaba {\"{O}}lveczky and
                  Gwen Sala{\"{u}}n},
  title        = {Multi-objective Search for Effective Testing of Cyber-Physical Systems},
  booktitle    = {Software Engineering and Formal Methods - 17th International Conference,
                  {SEFM} 2019, Oslo, Norway, September 18-20, 2019, Proceedings},
  series       = {Lecture Notes in Computer Science},
  volume       = {11724},
  pages        = {183--202},
  publisher    = {Springer},
  year         = {2019},
  doi          = {10.1007/978-3-030-30446-1_10},
}

@article{zhang,
  title={Test case generation from formal models of cyber physical system},
  author={Zhang, Lichen and He, Jifeng and Yu, Wensheng},
  journal={International Journal of Hybrid Information Technology},
  volume={6},
  number={3},
  pages={15--24},
  year={2013}
}

@article{cukic,
  author       = {Bojan Cukic and
                  Brian J. Taylor and
                  Harshinder Singh},
  title        = {Automated Generation of Test Trajectories for Embedded Flight Control
                  Systems},
  journal      = {Int. J. Softw. Eng. Knowl. Eng.},
  volume       = {12},
  number       = {2},
  pages        = {175--200},
  year         = {2002},
  doi          = {10.1142/S0218194002000895},
}

@inproceedings{durelli,
  author       = {Vinicius H. S. Durelli and
                  Ricardo Monteiro and
                  Rafael S. Durelli and
                  Andr{\'{e}} Takeshi Endo and
                  Fabiano Cutigi Ferrari and
                  Simone R. S. Souza},
  editor       = {Everton L. G. Alves and
                  M{\'{a}}rcio Ribeiro},
  title        = {Property-based Testing for Machine Learning Models},
  booktitle    = {Proceedings of the 9th Brazilian Symposium on Systematic and Automated
                  Software Testing, {SAST} 2024, Curitiba, Brazil, September 30 - October
                  4, 2024},
  pages        = {39--48},
  publisher    = {Sociedade Brasileira de Computa{\c{c}}{\~{a}}o},
  year         = {2024},
  doi          = {10.5753/SAST.2024.3791},
}

@inproceedings{mlcheck,
  author       = {Arnab Sharma and
                  Caglar Demir and
                  Axel{-}Cyrille Ngonga Ngomo and
                  Heike Wehrheim},
  editor       = {M. Arif Wani and
                  Ishwar K. Sethi and
                  Weisong Shi and
                  Guangzhi Qu and
                  Daniela Stan Raicu and
                  Ruoming Jin},
  title        = {{MLCHECK-} Property-Driven Testing of Machine Learning Classifiers},
  booktitle    = {20th {IEEE} International Conference on Machine Learning and Applications,
                  {ICMLA} 2021, Pasadena, CA, USA, December 13-16, 2021},
  pages        = {738--745},
  publisher    = {{IEEE}},
  year         = {2021},
  doi          = {10.1109/ICMLA52953.2021.00123},
}

@inproceedings{fairness,
  author       = {Aniya Aggarwal and
                  Pranay Lohia and
                  Seema Nagar and
                  Kuntal Dey and
                  Diptikalyan Saha},
  editor       = {Marlon Dumas and
                  Dietmar Pfahl and
                  Sven Apel and
                  Alessandra Russo},
  title        = {Black box fairness testing of machine learning models},
  booktitle    = {Proceedings of the {ACM} Joint Meeting on European Software Engineering
                  Conference and Symposium on the Foundations of Software Engineering,
                  {ESEC/SIGSOFT} {FSE} 2019, Tallinn, Estonia, August 26-30, 2019},
  pages        = {625--635},
  publisher    = {{ACM}},
  year         = {2019},
  doi          = {10.1145/3338906.3338937},
}

@inproceedings{interpretability,
  title={Explanation and justification in machine learning: A survey},
  author={Biran, Or and Cotton, Courtenay},
  booktitle={IJCAI-17 workshop on explainable AI (XAI)},
  volume={8},
  number={1},
  pages={8--13},
  year={2017}
}

@book{ecp,
author = {Black, Rex},
title = {Pragmatic Software Testing: Becoming an Effective and Efficient Test Professional},
year = {2007},
isbn = {0470127902},
publisher = {John Wiley \& Sons, Inc.},
address = {USA},
}



@ARTICLE{banker,
  author={},
  journal={IEEE Std 754-2008}, 
  title={{IEEE} Standard for Floating-Point Arithmetic}, 
  year={2008},
  volume={},
  number={},
  pages={1-70},
  doi={10.1109/IEEESTD.2008.4610935}}

@misc{abalone,
  author       = {Nash, Warwick and Sellers, Tracy and Talbot, Simon and Cawthorn, Andrew and Ford, Wes},
  title        = {{Abalone}},
  year         = {1994},
  howpublished = {UCI Machine Learning Repository},
  doi         = {10.24432/C55C7W}
}

@inproceedings{dectext,
  author       = {Olcay Boz},
  editor       = {M. Arif Wani and
                  Hamid R. Arabnia and
                  Krzysztof J. Cios and
                  Khalid Hafeez and
                  Graham Kendall},
  title        = {Converting {A} Trained Neural Network To a Decision Tree DecText -
                  Decision Tree Extractor},
  booktitle    = {Proceedings of the 2002 International Conference on Machine Learning
                  and Applications - {ICMLA} 2002, June 24-27, 2002, Las Vegas, Nevada,
                  {USA}},
  pages        = {110--116},
  publisher    = {{CSREA} Press},
  year         = {2002},
}

@book{kde,
  author       = {Bernard W. Silverman},
  title        = {Density Estimation for Statistics and Data Analysis},
  publisher    = {Springer},
  year         = {1986},
  doi          = {10.1007/978-1-4899-3324-9},
  isbn         = {978-1-4899-3324-9},
}

@book{layer,
author = {Evans, Eric},
title = {Domain-Driven Design: Tacking Complexity In the Heart of Software},
year = {2003},
isbn = {0321125215},
publisher = {Addison-Wesley Longman Publishing Co., Inc.},
address = {USA}
}

@book{traversal,
  title={The Recursive Book of Recursion: Ace the Coding Interview with Python and JavaScript},
  author={Sweigart, Al},
  isbn={9781718502031},
  year={2022},
  publisher={No Starch Press}
}

@inproceedings{mbb,
  title={Solving geometric problems with the rotating calipers},
  author={Toussaint, Godfried T},
  booktitle={Proc. IEEE Melecon},
  volume={83},
  number={83},
  pages={A10},
  year={1983}
}

@book{cv,
  title={The Cambridge dictionary of statistics},
  author={Everitt, Brian S and Skrondal, Anders},
  volume={4},
  year={2010},
  publisher={Cambridge university press Cambridge, UK}
}

@book{giraud,
  title={Introduction to high-dimensional statistics},
  author={Giraud, Christophe},
  year={2021},
  publisher={Chapman and Hall/CRC}
}

@inproceedings{hessel,
  author       = {Anders Hessel and
                  Kim Guldstrand Larsen and
                  Marius Mikucionis and
                  Brian Nielsen and
                  Paul Pettersson and
                  Arne Skou},
  editor       = {Robert M. Hierons and
                  Jonathan P. Bowen and
                  Mark Harman},
  title        = {Testing Real-Time Systems Using {UPPAAL}},
  booktitle    = {Formal Methods and Testing, An Outcome of the {FORTEST} Network, Revised
                  Selected Papers},
  series       = {Lecture Notes in Computer Science},
  volume       = {4949},
  pages        = {77--117},
  publisher    = {Springer},
  year         = {2008},
  doi          = {10.1007/978-3-540-78917-8\_3}
}

@article{randomforest,
  author       = {Leo Breiman},
  title        = {Random Forests},
  journal      = {Mach. Learn.},
  volume       = {45},
  number       = {1},
  pages        = {5--32},
  year         = {2001},
  doi          = {10.1023/A:1010933404324}
}
